% Encoding: windows-1252


@InProceedings{Bradford09,
  Title                    = {Demonstration of cooperative diversity using a custom software-defined radio prototype},
  Author                   = {Glenn Bradford and Brian Dunn and Michael Dickens and Zhanwei Sun and J. Nicholas Laneman},
  Booktitle                = {MobiHoc},
  Year                     = {2009},
  Pages                    = {323-324}
}

@Article{akama2009gaussian,
  Title                    = {GAUSSIAN MIXTURE MODELS AND VC DIMENSIONS},
  Author                   = {AKAMA, YOHJI},
  Year                     = {2009}
}

@InProceedings{al2011survey,
  Title                    = {{A survey of indoor positioning systems and algorithms}},
  Author                   = {Al Nuaimi, Klaithem and Kamel, Hesham},
  Booktitle                = {Innovations in Information Technology (IIT), 2011 International Conference on},
  Year                     = {2011},
  Organization             = {IEEE},
  Pages                    = {185--190}
}
